@article{denti2018asgal,
  title={ASGAL: aligning RNA-Seq data to a splicing graph to detect novel alternative splicing events},
  author={Denti, Luca and Rizzi, Raffaella and Beretta, Stefano and Della Vedova, Gianluca and Previtali, Marco and Bonizzoni, Paola},
  journal={BMC bioinformatics},
  volume={19},
  number={1},
  pages={444},
  year={2018},
  publisher={BioMed Central}
}

@inproceedings{beretta2017mapping,
  title={Mapping RNA-seq data to a transcript graph via approximate pattern matching to a hypertext},
  author={Beretta, Stefano and Bonizzoni, Paola and Denti, Luca and Previtali, Marco and Rizzi, Raffaella},
  booktitle={International Conference on Algorithms for Computational Biology},
  pages={49--61},
  year={2017},
  organization={Springer}
}

@inproceedings{ohlebusch2010computing,
  title={Computing matching statistics and maximal exact matches on compressed full-text indexes},
  author={Ohlebusch, Enno and Gog, Simon and K{\"u}gel, Adrian},
  booktitle={International Symposium on String Processing and Information Retrieval},
  pages={347--358},
  year={2010},
  organization={Springer}
}

@article{wang2008alternative,
  title={Alternative isoform regulation in human tissue transcriptomes},
  author={Wang, Eric T and Sandberg, Rickard and Luo, Shujun and Khrebtukova, Irina and Zhang, Lu and Mayr, Christine and Kingsmore, Stephen F and Schroth, Gary P and Burge, Christopher B},
  journal={Nature},
  volume={456},
  number={7221},
  pages={470},
  year={2008},
  publisher={Nature Publishing Group}
}

@article{tazi2009alternative,
  title={Alternative splicing and disease},
  author={Tazi, Jamal and Bakkour, Nadia and Stamm, Stefan},
  journal={Biochimica et Biophysica Acta (BBA)-Molecular Basis of Disease},
  volume={1792},
  number={1},
  pages={14--26},
  year={2009},
  publisher={Elsevier}
}

@article{rockenstein1995levels,
  title={Levels and alternative splicing of amyloid $\beta$ protein precursor (APP) transcripts in brains of APP transgenic mice and humans with Alzheimer's disease},
  author={Rockenstein, Edward M and McConlogue, Lisa and Tan, Hua and Power, Mike and Masliah, Eliezer and Mucke, Lennart},
  journal={Journal of Biological Chemistry},
  volume={270},
  number={47},
  pages={28257--28267},
  year={1995},
  publisher={ASBMB}
}

@article{thorvaldsdottir2013integrative,
  title={Integrative Genomics Viewer (IGV): high-performance genomics data visualization and exploration},
  author={Thorvaldsd{\'o}ttir, Helga and Robinson, James T and Mesirov, Jill P},
  journal={Briefings in bioinformatics},
  volume={14},
  number={2},
  pages={178--192},
  year={2013},
  publisher={Oxford University Press}
}

@article{dobin2013star,
  title={STAR: ultrafast universal RNA-seq aligner},
  author={Dobin, Alexander and Davis, Carrie A and Schlesinger, Felix and Drenkow, Jorg and Zaleski, Chris and Jha, Sonali and Batut, Philippe and Chaisson, Mark and Gingeras, Thomas R},
  journal={Bioinformatics},
  volume={29},
  number={1},
  pages={15--21},
  year={2013},
  publisher={Oxford University Press}
}

@article{li2013aligning,
  title={Aligning sequence reads, clone sequences and assembly contigs with BWA-MEM},
  author={Li, Heng},
  journal={arXiv preprint arXiv:1303.3997},
  year={2013}
}

@article{zerbino2017ensembl,
  title={Ensembl 2018},
  author={Zerbino, Daniel R and Achuthan, Premanand and Akanni, Wasiu and Amode, M Ridwan and Barrell, Daniel and Bhai, Jyothish and Billis, Konstantinos and Cummins, Carla and Gall, Astrid and Gir{\'o}n, Carlos Garc{\'\i}a and others},
  journal={Nucleic acids research},
  volume={46},
  number={D1},
  pages={D754--D761},
  year={2017},
  publisher={Oxford University Press}
}

@article{griebel2012modelling,
  title={Modelling and simulating generic RNA-Seq experiments with the flux simulator},
  author={Griebel, Thasso and Zacher, Benedikt and Ribeca, Paolo and Raineri, Emanuele and Lacroix, Vincent and Guig{\'o}, Roderic and Sammeth, Michael},
  journal={Nucleic acids research},
  volume={40},
  number={20},
  pages={10073--10083},
  year={2012},
  publisher={Oxford University Press}
}
